@manual{ codestyle:google,
	author       = {Weinberger, Benjy and Silverstein, Craig and Eitzmann, Gregory and Mentovai, Mark and Landray, Tashana},
	title        = {Google C++ Style Guide},
	year         = {2012},
	organization = {Google, Inc.},
	version      = {3.199}
}

@manual{ codestyle:gnu,
	author       = {Stallman, Richard and others},
	title        = {GNU Coding Standards},
	year         = {2012},
	organization = {Free Software Foundation, Inc.},
}

@online{ codestyle:camel,
	organization = {Wikimedia Foundation, Inc.},
	title        = {Camel Case},
	url          = {http://en.wikipedia.org/wiki/CamelCase},
}

@manual{ codestyle:geotechnical,
	title        = {C++ Programming Style Guidelines},
	year         = {2011},
	month        = {1},
	version      = {4.9},
	organization = {Geotechnical Software Services},
	url          = {http://geosoft.no/development/cppstyle.html}
}

@manual{ codestyle:quantum,
	title        = {Application Note C/C++ Coding Standard},
	year         = {2008},
	month        = {8},
	version      = {G},
	organization = {Quantum Leaps LLC},
	url          = {http://www.state-machine.com/doc/AN_QL_Coding_Standard.pdf}
}